@article{neal2000,
  title={Markov chain sampling methods for Dirichlet process mixture models},
  author={Neal, Radford M},
  journal={Journal of computational and graphical statistics},
  volume={9},
  number={2},
  pages={249--265},
  year={2000},
  publisher={Taylor \& Francis}
}

@article{walker2007,
  title={Sampling the Dirichlet mixture model with slices},
  author={Walker, Stephen G},
  journal={Communications in Statisticsâ€”Simulation and Computation{\textregistered}},
  volume={36},
  number={1},
  pages={45--54},
  year={2007},
  publisher={Taylor \& Francis}
}

@article{papaspiliopoulos2008,
  title={Retrospective Markov chain Monte Carlo methods for Dirichlet process hierarchical models},
  author={Papaspiliopoulos, Omiros and Roberts, Gareth O},
  journal={Biometrika},
  volume={95},
  number={1},
  pages={169--186},
  year={2008},
  publisher={Biometrika Trust}
}

@inproceedings{dreyer2011,
  author={Dreyer, M. and Eisner, J.},
  year=2011,
  booktitle={Proc. of EMNLP},
  title={Discovering morphological paradigms from plain text using a {D}irichlet process mixture model}
}

@inproceedings{lee2011,
  author={Lee, Y.K. and Haghighi, A. and Barzilay, R.},
  year=2011,
  title={Modeling syntactic context improves morphological segmentation},
  booktitle={Proc. of CoNLL}
}

@article{goldwater2011,
  title={Producing power-law distributions and damping word frequencies with two-stage language models},
  author={Goldwater, S. and Griffiths, T.L. and Johnson, M.},
  journal={Journal of Machine Learning Research},
  volume={12},
  year={2011}
}

@inproceedings{lovell2012,
  title={Parallel Markov chain Monte Carlo for Dirichlet process mixtures},
  author={Lovell, Dan and Adams, Ryan P and Mansingka, VK},
  booktitle={Workshop on Big Learning, NIPS},
  year={2012}
}