@article{antoniak1974,
	title={Mixtures of {Dirichlet} processes with applications to {Bayesian} nonparametric problems},
	author={Antoniak, Charles E},
	journal={The annals of statistics},
	pages={1152--1174},
	year={1974},
	publisher={JSTOR}
}

@article{neal2000,
	title = "{Markov} chain sampling methods for {Dirichlet} process mixture models",
	author = "Radford M Neal",
	journal = "Journal of computational and graphical statistics",
	volume = "9",
	number = "2",
	pages = "249--265",
	year = "2000"
}

@article{walker2007,
	title = "Sampling the {Dirichlet} mixture model with slices",
	author = "Stephen G Walker",
	journal = "Communications in Statistics—Simulation and Computation",
	volume = "36",
	number = "1",
	pages = "45--54",
	year = "2007"
}

@article{asuncion2008,
	title = "Asynchronous distributed learning of topic models",
	author = "Arthur Asuncion and Padhraic Smyth and Max Welling",
	journal = "Advances in Neural Information Processing Systems",
	volume = "21",
	pages = "81--88",
	year = "2008"
}

@article{papaspiliopoulos2008,
	title = "Retrospective {Markov} chain {Monte Carlo} methods for {Dirichlet} process hierarchical models",
	author = "Omiros Papaspiliopoulos and Gareth O Roberts",
	journal = "Biometrika",
	volume = "95",
	number = "1",
	pages = "169--186",
	year = "2008"
}

@inproceedings{dreyer2011,
	author = "M. Dreyer and J. Eisner",
	year = 2011,
	booktitle = "Proc. of EMNLP",
	title = "Discovering morphological paradigms from plain text using a {D}irichlet process mixture model"
}

@inproceedings{lee2011,
	author = "Y.K. Lee and A. Haghighi and R. Barzilay",
	year = 2011,
	title = "Modeling syntactic context improves morphological segmentation",
	booktitle = "Proc. of CoNLL"
}

@article{goldwater2011,
	title = "Producing power-law distributions and damping word frequencies with two-stage language models",
	author = "S. Goldwater and T.L. Griffiths and M. Johnson",
	journal = "Journal of Machine Learning Research",
	volume = "12",
	year = "2011"
}

@inproceedings{lovell2012,
	title = "Parallel {Markov} chain {Monte Carlo} for {Dirichlet} process mixtures",
	author = "Dan Lovell and Ryan P Adams and VK Mansingka",
	booktitle = "Workshop on Big Learning, NIPS",
	year = "2012"
}

@inproceedings{stallard2012,
	title={Unsupervised morphology rivals supervised morphology for {Arabic} {MT}},
	author={Stallard, David and Devlin, Jacob and Kayser, Michael and Lee, Yoong Keok and Barzilay, Regina},
	booktitle={Proceedings of the 50th Annual Meeting of the Association for Computational Linguistics: Short Papers-Volume 2},
	pages={322--327},
	year={2012},
	organization={Association for Computational Linguistics}
}

@inproceedings{williamson2013,
	title = "Parallel {Markov} Chain {Monte Carlo} for Nonparametric Mixture Models",
	author = "Sinead A Williamson and Avinava Dubey and Eric P Xing",
	booktitle = "Proc. of ICML",
	year=2013
}

@article{fearnhead2004,
	title={Particle filters for mixture models with an unknown number of components},
	author={Fearnhead, Paul},
	journal={Statistics and Computing},
	volume={14},
	number={1},
	pages={11--21},
	year={2004},
	publisher={Springer}
}

@article{ulker2010,
	title={Sequential {Monte Carlo} samplers for {Dirichlet} process mixtures},
	author={Ulker, Yener and Gunsel, Bilge and Cemgil, A Taylan},
	journal={Journal of Machine Learning Research},
	volume={9},
	pages={876--883},
	year={2010}
}

@article{rodriguez2011,
	title={On-line learning for the infinite hidden {Markov} model},
	author={Rodriguez, Abel},
	journal={Communications in Statistics—Simulation and Computation},
	volume={40},
	number={6},
	pages={879--893},
	year={2011},
	publisher={Taylor \& Francis}
}

@article{ahmed2011,
	title={Online inference for the infinite topic-cluster model: Storylines from streaming text},
	author={Ahmed, Amr and Ho, Qirong and Teo, Choon Hui and Eisenstein, Jacob and Smola, Alex J and Xing, Eric P},
	journal={Artificial Intelligence and Statistics AISTATS},
	year={2011}
}

@inproceedings{blei2004,
	title={Variational methods for the {Dirichlet} process},
	author={Blei, David M and Jordan, Michael I},
	booktitle={Proceedings of the twenty-first international conference on Machine learning},
	pages={12},
	year={2004},
	organization={ACM}
}

@inproceedings{kurihara2007,
	title={Collapsed variational {Dirichlet} process mixture models},
	author={Kurihara, Kenichi and Welling, Max and Teh, Yee Whye},
	booktitle={Proceedings of the International Joint Conference on Artificial Intelligence},
	volume={20},
	pages={19},
	year={2007}
}

@article{teh2008,
	title={Collapsed variational inference for HDP},
	author={Teh, Yee Whye and Kurihara, Kenichi and Welling, Max},
	journal={Advances in neural information processing systems},
	volume={20},
	number={20},
	pages={1481--1488},
	year={2008}
}

@inproceedings{wang2011,
	title={Online variational inference for the hierarchical {Dirichlet} process},
	author={Wang, Chong and Paisley, John and Blei, David M},
	booktitle={Artificial Intelligence and Statistics},
	year={2011}
}

@article{goldsmith2001,
  title={Unsupervised learning of the morphology of a natural language},
  author={Goldsmith, John},
  journal={Computational linguistics},
  volume={27},
  number={2},
  pages={153--198},
  year={2001},
  publisher={MIT Press}
}
